2984 4850
1556 470 1784 556 (32)

714 603 912 679 sibus
943 609 1203 678 'exactis
1236 607 1567 703 parturit.
1610 610 1849 676 Homo
1869 627 2177 702 palpet,
2208 590 2463 679 vitiatae
2483 607 2624 676 'vir-
2713 695 2720 698 ᾖ

717 734 900 826 ginis
925 742 1149 833 pater,
1181 725 1691 816 Menedemus,
1724 751 1808 799 ex
1835 731 2022 824 agnis
2048 731 2122 828 in
2156 727 2422 809 urbem
2436 749 2627 799 eom-

718 876 903 949 m1g1
906 853 1046 922 avit
1072 863 1145 921 et
1181 852 1494 924 vicinum
1536 847 1764 919 habet
1807 852 2209 937 Simonem,
2254 848 2622 945 Crobylae,

718 972 992 1063 divitis
1024 970 1148 1043 sed
1178 962 1523 1042 deformis
1569 985 1641 1042 et
1681 992 1986 1042 morosae
2019 970 2380 1072 mulieriS‚
2420 975 2628 1042 mari-

722 1109 910 1184 tum,
958 1091 1441 1186 Aeschinique
1482 1106 1555 1162 et
1597 1090 1984 1208 Antiphilae
2022 1105 2328 1189 patrem.
2387 1095 2626 1164 Mene·

718 1216 974 1289 demus
1009 1238 1177 1286 cum
1202 1215 1524 1296 Simone,
1559 1201 1818 1311 utpote
1851 1217 2125 1302 ‘vicin0‚
2164 1213 2627 1288 consuetudi

720 1363 884 1410 nem
903 1339 1278 1434 junxerat,
1311 1336 1686 1434 Pamphila
1708 1344 1879 1406 Vero
1904 1360 2070 1407 cum
2109 1336 2514 1436 Antiphila,
2549 1350 2629 1410 ut

718 1465 905 1532 inter
972 1464 1277 1558 virgines
1341 1458 1661 1531 solitum.
1734 1449 2139 1552 Aeschinus*
2184 1448 2628 1559 Pamphilam

718 1595 945 1671 amat,
972 1595 1139 1678 post
1166 1589 1455 1679 partum
1482 1603 1588 1664 an,
1611 1585 1779 1652 an'te
1814 1595 2101 1677 partum
2117 1634 2159 1672 ,.
2182 1579 2506 1680 prudens
2538 1607 2631 1655 an

720 1698 1178 1800 imprudenS,
1213 1704 1568 1791 incertum
1608 1696 2036 1798 estasisspost
2072 1716 2399 1800 partum,
2431 1708 2632 1774 Pam-

722 1819 1323 1922 philam'propter
1347 1819 1581 1899 hocin
1610 1826 2151 1910 matrimonium
2176 1828 2408 1923 poscit
2431 1822 2634 1920 quod

721 1969 796 2036 se
823 1948 1114 2042 virginis
1145 1945 1547 2016 vitiatorem
1594 1943 1952 2042 agnoscit3
2000 1949 2057 2016 si
2097 1961 2265 2018 ante
2306 1925 2632 2045 partum,

724 2069 964 2154 timet,
1000 2059 1433 2162 suspicatur)
1484 2068 1836 2157 irascitur,
1895 2046 2149 2157 dolet„
2184 2065 2418 2165 donec
2460 2065 2638 2163 quid

723 2192 828 2258 rei
854 2191 945 2259 sit
978 2201 1432 2285 compertum
1461 2201 1534 2258 et
1570 2187 1785 2285 plane
1833 2193 2295 2287 perspicuum
2349 2188 2633 2261 habeat.

721 2291 951 2402 Quod¹
971 2289 1198 2404 ita-fit.
1223 2309 1617 2408 Pamphilae
1640 2310 1812 2381 olim
1829 2365 1848 2400 ‚
1873 2312 2008 2382 sibi
2029 2312 2325 2409 quidem
2347 2293 2635 2408 ign'otae,

721 2415 992 2507 monile
1016 2489 1036 2526 ‚
1055 2457 1285 2532 quum
1316 2438 1568 2506 vitium
1598 2449 1821 2506 noctu
1853 2420 2154 2534 offerret
2176 2440 2436 2534 virgini
2459 2490 2478 2525 ,
2518 2434 2640 2507 de·-

723 2561 1062 2642 stactam,
1099 2583 1225 2630 seu
1258 2555 1475 2648 forte,
1509 2582 1635 2629 seu
1663 2558 1989 2648 consilio,
2022 2557 2348 2653 futurum
2374 2560 2639 2631 scilicet

724 2679 825 2751 rei
871 2680 1216 2755 indicium
1241 2735 1259 2771 ,
1310 2695 1744 2772 servaverat,
1800 2688 2184 2781 sororique·
2241 2682 2633 2782 Antiphilae

723 2802 923 2876 dono
958 2804 1276 2877 dederat.
1332 2806 1704 2905 Antiphila
1758 2805 2246 2894 autem,dun1
2293 2821 2638 2904 aegrotan-

726 2940 866 2997 tem
902 2926 1348 3026 Pamphilam
1401 2909 1671 3013 invisit,
1708 2926 2127 3024 datumque
2162 2927 2298 3000 sibi
2338 2953 2379 3001 a
2414 2926 2640 2999 fratre

724 3044 994 3118 monile
1025 3050 1238 3143 gerit,
1279 3071 1432 3119 rem
1483 3072 1775 3120 omnem
1828 3046 2121 3146 detegit.
2182 3054 2345 3125 Non
2400 3064 2638 3121 tamen

719 3167 887 3241 ideo
903 3168 1105 3241 facile
1129 3186 1200 3242 et
1225 3169 1562 3269 expedite
1587 3167 1825 3242 nodus
1853 3172 2178 3261 solvitur,
2218 3175 2636 3270 nuptiaeque

721 3292 932 3366 fiunt.
992 3292 1252 3366 Obstat
1276 3292 1621 3392 Crobyla‚
1679 3293 2015 3366 Aeschini
2058 3308 2309 3384 mater,
2367 3317 2637 3368 nurum

718 3412 1117 3486 indotatam
1146 3418 1447 3486 omnino
1466 3437 1817 3513 respuens
1830 3429 1902 3486 et
1921 3415 2337 3497 matronalis
2354 3418 2638 3490 conscia

718 3530 1180 3608 auctoritatis,
1213 3535 1685 3627 Menedemus
1717 3560 1912 3638 vero,
1951 3561 2182 3632 quum
2217 3536 2445 3632 Justas
2466 3535 2635 3610 filiae

729 3663 1007 3756 nuptias
1056 3662 1216 3731 sine
1286 3661 1771 3730 controversia
1839 3675 2152 3755 nequeat
2211 3664 2631 3757 impetrare,

725 3804 933 3850 mmm
983 3806 1056 3852 se
1101 3782 1219 3875 jus
1272 3778 1560 3878 publice
1617 3793 2165 3877 persecuturum
2213 3780 2629 3867 denuntiat,
