2984 4850
593 528 605 615 l
629 534 669 595 ¹⁷
691 530 709 649 l

167 674 374 768 consipere,
390 692 499 779 quam
515 672 626 740 novis
631 636 815 741 coloribus
830 624 1028 779 depictam,
1045 670 1120 747 hon

168 797 274 864 nimis
296 804 414 864 tameh
432 797 596 923 priori
561 767 769 862 dissimilem
780 786 1037 907 ,spectandam
1052 792 1122 863 ho·

169 916 327 987 minibus
327 902 535 1015 producat.
549 912 648 1006 Quid
662 924 783 984 autem
799 918 877 984 veri
896 919 932 983 in
949 903 1032 985 litio
1035 939 1124 1019 333·

79 1064 82 1077 ·
165 1038 303 1132 jactura
317 1041 363 1110 sit
365 1041 631 1213 peritiores
576 1033 736 1133 videant·
726 1059 858 1136 3ego
834 1034 879 1143 ad
895 1039 1124 1189 propositum

171 1156 339 1231 redeo
1058 1176 1060 1183 ·

205 1284 282 1369 Ειι
296 1298 395 1393 ergo
403 1283 439 1353 in
453 1206 612 1376 Heeyra,
631 1283 731 1349 utin
739 1278 883 1367 Plocio,
901 1234 1040 1395 puella,
1060 1250 1130 1348 no·
1204 1326 1208 1329 -
1265 1266 1270 1277 ’

174 1403 271 1473 mino
289 1388 533 1491 Philumene,
538 1420 639 1499 quae,
662 1416 855 1499 postquam
873 1400 947 1471 ab
931 1416 1064 1511 ignoto
1081 1399 1130 1472 vi

173 1527 256 1623 tiata
265 1494 398 1615 fliium
410 1516 680 1603 matrimonium
694 1524 883 1624 Pamphilo
895 1506 1013 1604 daun.
1025 1525 1131 1595 Illam

173 1616 406 1746 Pamphilus,
415 1642 608 1747 postquam
626 1658 853 1748 repugnante
868 1652 994 1720 animo
1007 1662 1054 1720 et
1058 1648 1130 1720 alio

173 1789 296 1839 amore
302 1764 516 1861 ‹sooopatus
537 1764 656 1854 duxit,
682 1765 828 1835 dnobus
848 1752 1031 1837 mensibus
1054 1788 1140 1868 non*

175 1890 337 1985 attingit,
344 1903 398 1959 ut
415 1892 480 1984 qui
500 1886 652 1963 uxorem
663 1886 860 2009 repudiare
879 1902 918 1958 et
932 1891 1025 1986 patri
1042 1852 1133 1960 tole·

177 2023 351 2083 menatem
367 2009 455 2081 velit
475 2009 642 2082 reddere
656 2010 728 2082 Ubi
749 2034 835 2101 vero
852 2014 979 2107 eximia
991 2011 1139 2109 puellae

178 2133 365 2215 iestivitate
380 2130 521 2206 illectus
536 2124 662 2207 333333
680 2118 759 2204 eain
775 2114 913 2230 coepit,
940 2135 976 2202 in
992 2132 1133 2231 longin-

177 2276 287 2348 quam
306 2256 649 2369 peregrinationem,
665 2240 814 2326 'eoactus
827 2280 858 2326 a
873 2269 1008 2381 patre,
1018 2246 1132 2354 profi·

178 2376 332 2492 sis'citur,
346 2356 450 2447 unde
465 2358 616 2447 domum
633 2358 787 2486 septimo
804 2401 927 2449 mense
940 2391 1024 2476 post
1038 2382 1132 2476 nop-
1136 2424 1139 2434 ·

179 2485 452 2593 tiesregiessus,
463 2495 703 2569 Philumenen
714 2502 850 2569 invenit
850 2499 1131 2604 parturientem

178 2622 299 2689 Totus
306 2615 437 2688 nbutae
446 2589 575 2691 nodus
591 2611 691 2689 hos
681 2595 876 2734 immaturo
877 2633 998 2725 fpaitn
1015 2620 1135 2728 implif

181 2756 293 2812 catur
300 2744 431 2812 Omma
439 2754 558 2824 333333
570 2763 767 2838 prospere
752 2746 934 2814 eveniunt
948 2741 1135 2821 Annnlum

181 2865 321 2960 virgini
337 2866 477 2936 vitiatae
495 2859 694 2964 detractum
723 2859 936 2960 Pamphilus
969 2862 1149 2935 Bacchidi
1262 2908 1264 2914 ,

182 2981 364 3058 meretrici
381 2982 499 3074 dedit,
512 2979 561 3056 'et
573 2984 796 3057 Philumene
816 2967 1005 3076 Bacchidis
1023 2987 1136 3086 digito

181 3123 362 3182 annexum
379 3095 614 3207 recogiiosoit
631 3107 721 3180 Inde
736 3101 856 3180 nodus
869 3109 1035 3200 solvitur,
1026 3111 1137 3183 ·inde

182 3230 392 3330 Pasiphilus
411 3213 620 3338 etpnernm
635 3227 799 3301 sustollit
811 3248 847 3304 et
862 3219 973 3331 pueri
987 3223 1137 3303 matrem

138 3377 142 3386 ·
182 3351 423 3452 amplectitur.
452 3339 546 3449 Ergo
576 3365 660 3449 post
687 3356 832 3464 nuptias
861 3351 1030 3452 Hecyra,
1055 3369 1139 3426 ante
1174 3377 1176 3380 ·

185 3478 328 3572 nuptias
344 3472 533 3545 Plocium
524 3471 665 3567 incipit3
683 3467 833 3588 Heeyrae
850 3476 1006 3558 annulus
1027 3474 1139 3545 finem

186 3589 284 3685 facit,
304 3592 663 3674 Plocio....‚Ploeium
683 3593 745 3693 (1).
768 3585 905 3696 Etenim
924 3601 956 3680 „si
973 3591 1142 3684 Aeschini

223 3839 267 3912 (1)
287 3839 422 3910 Μιιιιιιιι,
436 3842 504 3896 Men.
524 3845 550 3896 rt
565 3839 637 3896 Phil.
650 3840 795 3913 Reliquiae,
808 3857 835 3912 p.
851 3822 911 3907 1⁴¹8,
928 3839 971 3895 od.
987 3844 1064 3897 tans.
1075 3840 1141 3895 Col·

1011 3956 1029 4014 2
