2984 4850
613 398 625 486 l
649 407 689 470 35
711 399 723 482 l

196 536 313 609 exilia
330 534 465 620 fabula,
484 539 609 631 inqua
629 534 809 607 absimiles
834 553 869 608 et
888 537 1095 631 candiliane
1116 556 1151 613 et

195 660 356 753 maribus
369 685 533 760 persanae
552 674 623 730 tam
643 663 746 747 variis
758 658 945 735 affectibus
957 668 1148 762 agitantur,
1215 704 1218 709 ·

193 785 230 852 ia
246 806 318 881 qua
336 797 372 854 et
387 785 555 881 pauperis
573 805 668 851 curae
694 794 730 877 et
758 779 875 852 divitis
902 787 1051 856 miseriae
1077 799 1150 856 tam

193 894 285 976 veris
296 904 484 978 coloribus
498 904 758 1003 depinguntur,
775 930 850 976 nan
865 930 1009 1004 parvam
1026 908 1152 1006 valup-

193 1040 303 1098 tatem
315 1026 603 1122 nonnullamque
615 1025 805 1125 utilitatem
813 1025 1148 1127 homiuescoepisse.

242 1152 299 1218 An
327 1171 395 1244 ega
416 1145 547 1218 fallar?
571 1171 635 1231 an,
663 1170 753 1218 vana
778 1145 950 1245 deceptus
973 1152 1147 1247 imagine,

193 1250 325 1338 lalsum
338 1292 405 1366 pra
419 1292 506 1339 vera
519 1266 761 1340 Menandrum
771 1267 912 1362 effluxi,
926 1252 1036 1367 atque
1049 1259 1149 1342 hunc

194 1389 909 1490 doctissimamelegantissimamquevitae
918 1397 1147 1483 imitatorem,

193 1510 281 1584 dum
311 1518 419 1587 auius
452 1539 497 1587 ex
523 1515 694 1614 operibus
722 1518 912 1613 'exquisitis
944 1541 1025 1613 quae
1060 1515 1149 1587 alim

191 1634 320 1726 edidit,
342 1630 606 1711 restitutionem
622 1663 689 1737 ega
706 1639 850 1728 moliar,
866 1637 1146 1737 impiaquadam

194 1774 425 1832 mortuarum
454 1786 495 1832 ac
523 1759 711 1859 sepulchri
736 1746 945 1850 violatione,
974 1764 1147 1833 cantami-

194 1880 301 1951 navi?
318 1881 408 1951 Mihi
423 1880 571 1978 quidem
585 1882 742 1972 utinam,
756 1882 1029 1980 qualiscumque
1040 1881 1148 1953 fuerit

196 2000 329 2073 laboris
347 1986 478 2092 exitus,
499 2019 571 2076 tam
593 2009 773 2079 temerarii
787 1998 930 2096 consilii
939 2011 1041 2077 venia
1059 2030 1147 2078 can-

194 2123 356 2197 cedatur!
387 2131 541 2205 Utinamx
550 2131 750 2227 praesertim
767 2133 844 2227 ipse
866 2128 1066 2202 Menander
1083 2129 1146 2200 ali·

192 2247 401 2342 quanduex
414 2254 488 2322 istis
501 2266 660 2350 emergat
679 2254 810 2341 ruinis,
827 2240 961 2348 quibus
971 2276 1147 2349 nuncap-

192 2392 336 2466 pressus
365 2370 477 2466 J'acet,
509 2385 546 2444 et
574 2371 639 2445 has
668 2371 895 2446 obscuriores
924 2372 1146 2469 conjecturas

192 2491 272 2560 viva
294 2514 335 2561 ae
359 2490 563 2589 splendenti
588 2498 718 2590 integri
741 2499 861 2592 aperis
881 2492 1022 2591 lulgare
1036 2498 1147 2566 extin-

193 2606 293 2703 guati-

583 2822 730 2878 alut&

283 3298 361 3368 Vidi
379 3322 417 3368 ac
435 3306 575 3386 perlegi,

194 3446 331 3514 Lutetia
343 3449 562 3534 Parisiorum,
576 3452 608 3513 in
620 3448 784 3532 Sarbena,
798 3469 829 3516 a.
841 3452 873 3515 d.
887 3461 953 3515 xlv
967 3451 1032 3515 kal.
1047 3468 1146 3529 uon,

241 3575 405 3649 'Facrrltatis
422 3593 600 3650 Litterarum
614 3592 644 3649 ia
656 3593 815 3650 Academia
825 3593 980 3651 parisiensi
992 3592 1129 3656 decanus,

635 3727 666 3793 t.
684 3725 785 3793 v1cr.
810 3726 862 3792 LE
886 3722 1041 3792 GLERG.
